@article{Takahashi2018,
author = {\underline{Keichi Takahashi} and Date, Susumu and Khureltulga, Dashdavaa and Kido, Yoshiyuki and Yamanaka, Hiroaki and Kawai, Eiji and Shimojo, Shinji},
journal = {IEEE Access},
pages = {23372--23382},
title = {{UnisonFlow: A Software-Defined Coordination Mechanism for Message-Passing Communication and Computation}},
doi = {10.1109/ACCESS.2018.2829532},
number = {1},
volume = {6},
year = {2018}
}

@article{Date2016,
author = {Date, Susumu and Abe, Hirotake and Khureltulga, Dashdavaa and \underline{Keichi Takahashi} and Kido, Yoshiyuki and Watashiba, Yasuhiro and U-chupala, Pongsakorn and Ichikawa, Kohei and Yamanaka, Hiroaki and Kawai, Eiji and Shimojo, Shinji},
journal = {International Journal of Information Technology},
pages = {789--796},
number = {1},
title = {{SDN-accelerated HPC Infrastructure for Scientific Research}},
volume = {22},
year = {2016}
}

@article{Misawa2018,
author = {Misawa, Akihiro and Date, Susumu and \underline{Keichi Takahashi} and Yoshikawa, Takashi and Takahashi, Masahiko and Kan, Masaki and Watashiba, Yasuhiro and Kido, Yoshiyuki and Lee, Chonho and Shimojo, Shinji},
journal = {Cloud Computing and Service Science. CLOSER 2017. Communications in Computer and Information Science},
pages = {177--199},
doi = {10.1007/978-3-319-94959-8_10},
title = {{Dynamic Reconfiguration of Computer Platforms at the Hardware Device Level for High Performance Computing Infrastructure as a Service}},
volume = {864},
year = {2018}
}
