@inproceedings{Takahashi2018,
author = {\underline{Keichi Takahashi}},
booktitle = {27th Workshop on Sustained Simulation Performance (WSSP27)},
title = {{An MPI Framework for HPC Clusters Deployed with Software-Defined Networking}},
year = {2018},
month = mar
}

@inproceedings{Takahashi2017,
author = {\underline{Keichi Takahashi}},
booktitle = {26th Workshop on Sustained Simulation Performance (WSSP26)},
title = {{Towards Realizing a Dynamic and MPI Application-aware Interconnect with SDN}},
year = {2017},
month = oct
}

@inproceedings{Yamada2016,
author = {Yamada, Takuya and \underline{Keichi Takahashi} and Muraki, Masaya and Kido, Yoshiyuki and Date, Susumu and Shimojo, Shinji},
booktitle = {The Pacific Rim Application and Grid Middleware Assembly (PRAGMA) Workshop 31},
title = {{A Proposal of Access Control Mechanism Towards User-dedicated PRAGMA-ENT for IoT Era}},
year = {2016},
month = sep
}

@inproceedings{Yamada2016a,
author = {Yamada, Takuya and \underline{Keichi Takahashi} and Muraki, Masaya and Kido, Yoshiyuki and Date, Susumu and Shimojo, Shinji},
booktitle = {ICT Virtual Organization of ASEAN Institutes and NICT (ASEAN IVO) Meeting},
title = {{A Proposal of Access Control Mechanism for the IoT world}},
year = {2016},
month = sep
}

@inproceedings{Dashdavaa2015,
author = {Dashdavaa, Khureltulga and Baatarsuren, Munkhdorj and \underline{Keichi Takahashi} and Date, Susumu and Kido, Yoshiyuki and Shimojo, Shinji},
booktitle = {The Pacific Rim Application and Grid Middleware Assembly (PRAGMA) Workshop 29},
title = {{A MPI Concept with Efficient Control of Network Functionality Based on SDN}},
year = {2015},
month = oct
}

@inproceedings{Takahashi2015,
author = {\underline{Keichi Takahashi} and Munkhdorj, Baatarsuren and Dashdavaa, Khureltulga and Date, Susumu and Kido, Yoshiyuki and Shimojo, Shinji},
booktitle = {The Pacific Rim Application and Grid Middleware Assembly (PRAGMA)
    Workshop 28},
title = {{Control Sequence Generator for Generic SDN-enhanced MPI Framework}},
year = {2015},
month = apr
}
