@misc{Date2018,
author = {Date, Susumu and Kido, Yoshiyuki and \underline{Keichi Takahashi} and Yamada, Takuya and Muraki, Masaya and Ishibashi, Yasutsugu and Umetani, Rei},
title = {{Sharing Economy System~(pending)}},
year = {2018}
}
